<?xml version="1.0" encoding="UTF-8"?><collection xmlns="http://www.loc.gov/MARC21/slim"><record><leader>00427nam--2200145-i-4500</leader><controlfield tag="001">000042926</controlfield><controlfield tag="002">20161230</controlfield><controlfield tag="005">20161230201043</controlfield><controlfield tag="008">060222s1000------------r-----000-0-eng-d</controlfield><datafield ind1=" " ind2=" " tag="080"><subfield code="a">547</subfield></datafield><datafield ind1=" " ind2=" " tag="100"><subfield code="a">Stewart,Ross</subfield></datafield><datafield ind1=" " ind2=" " tag="245"><subfield code="a">The investigation of organic reactions</subfield></datafield><datafield ind1=" " ind2=" " tag="260"><subfield code="a">Englewood Cliffs, Prentice-halllll, Inc.,1966. Xii + 125 P</subfield></datafield><datafield ind1=" " ind2=" " tag="490"><subfield code="a">Prentice-hall Foundations Of Modern Organic Chemistry Series</subfield></datafield><datafield ind1=" " ind2=" " tag="852"><subfield code="a">27003</subfield></datafield></record></collection>